@ARTICLE{synsf,
   author = {{Antoy}, S. and {Hanus}, M. and {Teegen}, F.},
    title = "{Synthesizing Set Functions}",
  journal = {ArXiv e-prints},
archivePrefix = "arXiv",
   eprint = {1808.07401},
 primaryClass = "cs.PL",
 keywords = {Computer Science - Programming Languages},
     year = 2018,
    month = aug,
   adsurl = {http://adsabs.harvard.edu/abs/2018arXiv180807401A},
  adsnote = {Provided by the SAO/NASA Astrophysics Data System}
}

@inproceedings{Antoy:2009:SFF:1599410.1599420,
	author = {Antoy, Sergio and Hanus, Michael},
	title = {Set Functions for Functional Logic Programming},
	booktitle = {Proceedings of the 11th ACM SIGPLAN Conference on Principles and Practice of Declarative Programming},
	series = {PPDP '09},
	year = {2009},
	isbn = {978-1-60558-568-0},
	location = {Coimbra, Portugal},
	pages = {73--82},
	numpages = {10},
	url = {http://doi.acm.org/10.1145/1599410.1599420},
	doi = {10.1145/1599410.1599420},
	acmid = {1599420},
	publisher = {ACM},
	address = {New York, NY, USA},
	keywords = {functional logic programming languages, non-determinism, rewrite systems, subspaces},
} 

@inproceedings{Christiansen2013ASF,
	title={A semantics for weakly encapsulated search in functional logic programs},
	author={Jan Christiansen and Michael Hanus and Fabian Reck and Daniel Seidel},
	booktitle={PPDP},
	year={2013}
}

@inproceedings{Brassel2010ImplementingFL,
	title={Implementing Functional Logic Programs by Translation into Purely Functional Programs},
	author={Bernd Brassel},
	year={2010}
}